<?xml version="1.0" encoding="UTF-8"?><collection xmlns="http://www.loc.gov/MARC21/slim"><record><leader>00598nam--2200145-i-4500</leader><controlfield tag="001">000017365</controlfield><controlfield tag="002">20161230</controlfield><controlfield tag="005">20161230201032</controlfield><controlfield tag="008">060222s1000------------r-----000-0-eng-d</controlfield><datafield ind1=" " ind2=" " tag="080"><subfield code="a">621.039.51(043)</subfield></datafield><datafield ind1=" " ind2=" " tag="100"><subfield code="a">Constantin, Marin</subfield></datafield><datafield ind1=" " ind2=" " tag="245"><subfield code="a">Evaluarea multigrupala a distributiilor locale de flux in reactorul candu, tinand cont de heterogenitatile specifice si de celulele vecine prin rezolvarea ecuatiei de transport 3d in formalismul probabilitatilor de prima ciocnire. rez. tezei</subfield></datafield><datafield ind1=" " ind2=" " tag="260"><subfield code="a">Bucuresti, I.F.A., 1998. 29 P</subfield></datafield><datafield ind1=" " ind2=" " tag="653"><subfield code="a">Reactor Physics, Candu, Transport Theory</subfield></datafield><datafield ind1=" " ind2=" " tag="852"><subfield code="a">80884</subfield></datafield></record></collection>